% Use this file for citations not found in the ACL Anthology (contained in "anthology.bib").


% my stuff
% @article{Chandra:81,
% 	author = {Ashok K. Chandra and Dexter C. Kozen and Larry J. Stockmeyer},
% 	year = "1981",
% 	title = {Alternation},
% 	journal = {Journal of the Association for Computing Machinery},
% 	volume = "28",
% 	number = "1",
% 	pages = "114--133",
% 	doi = "10.1126/science.aap955",

@article{false-news-spreads,
	author = {Soroush Vosoughi and Deb Roy and Sinan Aral},
	year = "2018",
	title = {The spread of true and false news online},
	journal = {Science},
	doi = "10.1126/science.aap955",
}

@article{fact-checking-is-manual,
	author = {Zhijiang Guo and Michael Schlichtkrull and Andreas Vlachos},
	year = "2022",
	title = {A Survey on Automated Fact-Checking},
	journal = {MIT Press Direct},
	number = "10",
	pages = "178--206",
	doi = "https://doi.org/10.1162/tacl_a_00454",
 }

 @article{claim-definition-1,
	author = {Stephen E Toulmin},
	year = "2003",
	title = {The uses of argument},
	journal = {Cam- bridge university press},
 }

  @article{claim-definition-2,
	author = {Dietrich Trautmann and Johannes Daxenberger and Christian Stab and Hinrich Schütze and Iryna Gurevych},
	year = "2020",
	title = {15th International Workshop on Semantic Evalua- tion (SemEval-2021)},
	journal = {Asso- ciation for Computational Linguistics},
	pages = "521--526",
 }

@article{detection-research-area,
	author = {Shreya Gupta and Parantak Singh and Megha Sundriyal and Md. Shad Akhtar and Tanmoy Chakraborty},
	year = "2021",
	title = {LESA: Linguistic encapsulation and semantic amalgamation based generalised claim detection from online content},
	journal = {Association for Computational Linguistics},
	pages = "3178--3188",
	doi = "https://www.aclweb.org/anthology/2021.eacl-main.277",
 }

@article{check-worthiness,
	author = {Dustin Wright and Isabelle Augenstei},
	year = "2020",
	title = {Claim check-worthiness detection as positive unlabelled learning},
	journal = {Association for Computational Linguistics},
	pages = "476--588",
	doi = "https://doi.org/10.18653/v1/2020.findings-emnlp.43",
 }

 @article{verification,
	author = {Amir Soleimani and Christof Monz and Marcel Worring},
	year = "2020",
	title = {Bert for evidence retrieval and claim verifica- tion},
	journal = {Advances in Information Retrieval},
	volume = "12036",
	number = "359",
	doi = "https://doi.org/https://doi.org/10.1007/978-3-030-45442-5_45",
 }

 @article{claim-detection,
	author = {Tuhin Chakrabarty and Christopher Hidey and Kathy McKeown},
	year = "2019",
	title = {IMHO fine-tuning improves claim detection},
	journal = {Association for Computational Linguistics},
	volume = "1",
	pages = "558–-563",
	doi = "https://doi.org/10.18653/v1/N19-1054",
 }

@article{conference-pipeline,
	author = {Preslav Nakov and David Corney and Maram Hasanain and Firoj Alam and Tamer Elsayed and Alberto Barrón-Cedeño and Paolo Papotti and Shaden Shaar and Giovanni Da San Martino},
	year = "2021",
	title = {Automated Fact-Checking for Assisting Human Fact-Checkers},
	journal = {arXiv},
	doi = "https://doi.org/10.48550/arXiv.2103.07769",
 }

@article{downstream-tasks,
	author = {Shaden Shaar and Nikolay Babulkov and Giovanni Da San Martino and Preslav Nakov},
	year = "2020",
	title = {That is a Known Lie: Detecting Previously Fact-Checked Claims},
	journal = {Association for Computational Linguistics},
	volume = "Proceedings of the 58th Annual Meeting of the Association for Computational Linguistics",
	pages = "3607–-3618",
	doi = "https://aclanthology.org/2020.acl-main.332.pdf",
 }

 @article{toxic-language,
	author = {John Pavlopoulos and Jeffrey Sorensen and Léo Laugier and Ion Androutsopoulos},
	year = "2021",
	title = {SemEval-2021 task 5: Toxic spans detection},
	journal = {Associa- tion for Computational Linguistics},
	volume = "Proceedings of the 15th International Workshop on Semantic Evalua- tion (SemEval-2021)",
	pages = "59–-69",
	doi = "https://doi.org/10.18653/v1/2021.semeval-1.6",
}

@article{propaganda,
	author = {Giovanni Da San Martino and Alberto Barrón-Cedeño and Henning Wachsmuth and Rostislav Petrov and Preslav Nakov},
	year = "2020",
	title = {SemEval-2020 task 11: Detection of propaganda techniques in news articles},
	journal = {International Committee for Computational Linguistics},
	volume = "Proceedings of the Fourteenth Workshop on Semantic Evaluation",
	pages = "1377–-1414",
	doi = "https://aclanthology.org/2020.semeval-1.186",
 }

  @article{hate-speech,
	author = {Binny Mathew and Punyajoy Saha and Seid Muhie Yimam, Chris Biemann and Pawan Goyal and Animesh Mukherjee},
	year = "2021",
	title = {Hatexplain: A benchmark dataset for explainable hate speech detection},
	journal = {Proceedings of the AAAI Conference on Artificial Intelligence},
	volume = "35",
	number = "17",
	pages = "14867–-14875",
	doi = "https://ojs.aaai.org/index.php/AAAI/article/view/17745",
 }

@article{empowering-the-fact-checkers,
	author = {Megha Sundriyal and Atharva Kulkarni and Vaibhav Pulastya and Md Shad Akhtar and Tanmoy Chakraborty},
	year = "2022",
	title = {Empowering the Fact-checkers! Automatic Identification of Claim Spans on Twitter},
	journal = {arXiv},
	doi = "https://doi.org/10.48550/arXiv.2210.04710",
 }


 

 






% reference
@book{Aho:72,
    author  = {Alfred V. Aho and Jeffrey D. Ullman},
    title   = {The Theory of Parsing, Translation and Compiling},
    year    = "1972",
    volume  = "1",
    publisher = {Prentice-Hall},
    address = {Englewood Cliffs, NJ}
}

@book{APA:83,
    author  = {{American Psychological Association}},
    title   = {Publications Manual},
    year    = "1983",
    publisher = {American Psychological Association},
    address = {Washington, DC}
}

@article{Chandra:81,
	author = {Ashok K. Chandra and Dexter C. Kozen and Larry J. Stockmeyer},
	year = "1981",
	title = {Alternation},
	journal = {Journal of the Association for Computing Machinery},
	volume = "28",
	number = "1",
	pages = "114--133",
	doi = "10.1145/322234.322243",
}

@inproceedings{andrew2007scalable,
  title={Scalable training of {$L_1$}-regularized log-linear models},
  author={Andrew, Galen and Gao, Jianfeng},
  booktitle={Proceedings of the 24th International Conference on Machine Learning},
  pages={33--40},
  year={2007},
  url={https://dl.acm.org/doi/abs/10.1145/1273496.1273501}
}

@book{Gusfield:97,
    author  = {Dan Gusfield},
    title   = {Algorithms on Strings, Trees and Sequences},
    year    = "1997",
    publisher = {Cambridge University Press},
    address = {Cambridge, UK},
    url={https://www.cambridge.org/core/books/algorithms-on-strings-trees-and-sequences/F0B095049C7E6EF5356F0A26686C20D3}
}

@article{rasooli-tetrault-2015,
    author    = {Mohammad Sadegh Rasooli and Joel R. Tetreault},
    title     = {Yara Parser: {A} Fast and Accurate Dependency Parser},
    journal   = {Computing Research Repository},
    volume    = {arXiv:1503.06733},
    year      = {2015},
    url       = {http://arxiv.org/abs/1503.06733},
    note    = {version 2}
}

@article{Ando2005,
	Acmid = {1194905},
	Author = {Ando, Rie Kubota and Zhang, Tong},
	Issn = {1532-4435},
	Issue_Date = {12/1/2005},
	Journal = {Journal of Machine Learning Research},
	Month = dec,
	Numpages = {37},
	Pages = {1817--1853},
	Publisher = {JMLR.org},
	Title = {A Framework for Learning Predictive Structures from Multiple Tasks and Unlabeled Data},
	Volume = {6},
	Year = {2005},
	url={https://www.jmlr.org/papers/volume6/ando05a/ando05a.pdf}
}

@article{ct1965,
  title={An algorithm for the machine calculation of complex {F}ourier series},
  author={Cooley, James W. and Tukey, John W.},
  journal={Mathematics of Computation},
  volume={19},
  number={90},
  pages={297--301},
  year={1965},
  url={https://www.ams.org/journals/mcom/1965-19-090/S0025-5718-1965-0178586-1/S0025-5718-1965-0178586-1.pdf}
}


@article{T5-paper,
	author = {Colin Raffel and Noam Shazeer and Adam Roberts and Katherine Lee and Sharan Narang and Michael Matena and Yanqi Zhou and Wei Li and Peter J. Liu},
	year = "2020",
	title = {Exploring the Limits of Transfer Learning with a Unified Text-to-Text Transformer},
	journal = {Journal of Machine Learning Research},
	doi = "https://doi.org/10.48550/arXiv.1910.10683",
 }


 @article{rouge,
	author = {Chin-Yew Lin},
	year = "2004",
	title = {ROUGE: A Package for Automatic Evaluation of Summaries},
	journal = {Association for Computational Linguistics},
	volume = "Text Summarization Branches Out",
	number = "1",
	pages = "74–-81",
	doi = "https://aclanthology.org/W04-1013",
 }